<collection xmlns="http://www.loc.gov/MARC21/slim">
<record>
  <leader>00719nam0a22001931i 450 </leader>
  <controlfield tag="001">IT\ICCU\CNCE\068352</controlfield>
  <controlfield tag="005">20080227000000.0</controlfield>
  <datafield tag="100" ind1=" " ind2=" ">
    <subfield code="a">20061011f1519        0itac0103    ba</subfield>
  </datafield>
  <datafield tag="101" ind1=" " ind2=" ">
    <subfield code="a">ITA</subfield>
  </datafield>
  <datafield tag="102" ind1=" " ind2=" ">
    <subfield code="a">IT</subfield>
  </datafield>
  <datafield tag="200" ind1="1" ind2=" ">
    <subfield code="a">Exordio de Boniforte Pecenino ferrarese. Nel pronostico del anno della salute 1519</subfield>
  </datafield>
  <datafield tag="210" ind1=" " ind2=" ">
    <subfield code="d">\1519?!</subfield>
    <subfield code="e">Impresso ne la inclita cita de Ferrara</subfield>
    <subfield code="g">per Francisco Vilafora</subfield>
    <subfield code="h">die prima Ianuarii</subfield>
  </datafield>
  <datafield tag="215" ind1=" " ind2=" ">
    <subfield code="a">8 c.</subfield>
    <subfield code="d">4ʻ</subfield>
  </datafield>
  <datafield tag="300" ind1=" " ind2=" ">
    <subfield code="a">La data si ricava dal titolo</subfield>
  </datafield>
  <datafield tag="620" ind1=" " ind2=" ">
    <subfield code="a">IT</subfield>
    <subfield code="d">Ferrara</subfield>
  </datafield>
  <datafield tag="700" ind1=" " ind2="1">
    <subfield code="a">Pecenino,</subfield>
    <subfield code="b">Boniforte</subfield>
    <subfield code="3">IT\ICCU\CNCA\027330</subfield>
  </datafield>
  <datafield tag="712" ind1="0" ind2="0">
    <subfield code="a">Villafora, Francesco</subfield>
    <subfield code="3">IT\ICCU\CNCT\006098</subfield>
    <subfield code="4">650</subfield>
  </datafield>
  <datafield tag="791" ind1="0" ind2="0">
    <subfield code="a">Vilafora, Francisco</subfield>
    <subfield code="3">IT\ICCU\CNCT\006102</subfield>
    <subfield code="z">Villafora, Francesco</subfield>
  </datafield>
  <datafield tag="801" ind1=" " ind2="3">
    <subfield code="a">IT</subfield>
    <subfield code="b">ICCU</subfield>
    <subfield code="c">20201115</subfield>
  </datafield>
</record>
</collection>
